<?xml version="1.0" encoding="UTF-8"?><collection><record><leader>06481ntm a2200601 a 4500</leader><controlfield tag="001">006834382</controlfield><controlfield tag="003">MiAaHDL</controlfield><controlfield tag="005">20190719000000.0</controlfield><controlfield tag="006">m        d        </controlfield><controlfield tag="007">cr bn ---auaua</controlfield><controlfield tag="008">090706s1643    xx            00| ||ara d</controlfield><datafield tag="035" ind1=" " ind2=" "><subfield code="a">(MiU)006834382</subfield></datafield><datafield tag="035" ind1=" " ind2=" "><subfield code="a">sdr-miu006834382</subfield></datafield><datafield tag="040" ind1=" " ind2=" "><subfield code="a">MiU</subfield><subfield code="c">MiU</subfield><subfield code="e">amremm</subfield></datafield><datafield tag="043" ind1=" " ind2=" "><subfield code="a">n-us-mi</subfield></datafield><datafield tag="100" ind1="1" ind2=" "><subfield code="6">880-01</subfield><subfield code="a">Muḥaqqiq al-Ḥillī, Jaʻfar ibn al-Ḥasan,</subfield><subfield code="d">1205 or 1206-1277.</subfield></datafield><datafield tag="240" ind1="1" ind2="0"><subfield code="6">880-02</subfield><subfield code="a">Mukhtaṣar al-nāfiʻ</subfield></datafield><datafield tag="245" ind1="1" ind2="0"><subfield code="6">880-03</subfield><subfield code="a">Kitāb Mukhtaṣar al-nāfiʻ,</subfield><subfield code="f">[1053, i.e. 1643].</subfield></datafield><datafield tag="246" ind1="3" ind2="8"><subfield code="a">مختصر النافع</subfield></datafield><datafield tag="260" ind1=" " ind2=" "><subfield code="c">[1643].</subfield></datafield><datafield tag="300" ind1=" " ind2=" "><subfield code="a">245 leaves :</subfield><subfield code="b">paper ;</subfield><subfield code="c">204 x 132 (135 x 61) mm.</subfield></datafield><datafield tag="500" ind1=" " ind2=" "><subfield code="a">Shelfmark: Ann Arbor, University of Michigan, Special Collections Library, Isl. Ms. 1022</subfield></datafield><datafield tag="500" ind1=" " ind2=" "><subfield code="a">Origin: As appears in colophon on p.489, copied by Ibn ʻAynī Aznāwī [Aznāvī] with transcription completed 5 Jumādá II 1053 [ca. 21 August 1643].</subfield></datafield><datafield tag="500" ind1=" " ind2=" "><subfield code="a">Former shelfmark: Mich. Isl. Ms. temp. no. 171</subfield></datafield><datafield tag="500" ind1=" " ind2=" "><subfield code="a">Binding: Pasteboards covered in dark brown leather ; Type III binding (without flap) ; board linings in untinted paper ; upper and lower covers carry border and diagonal lines intersecting the center of the panel in blind rules ; sewn in brown thread, two stations ; worked chevron endbands in pink and lavender, fairly good condition ; overall in somewhat poor condition with abrasion, staining, losses to boards, etc.</subfield></datafield><datafield tag="500" ind1=" " ind2=" "><subfield code="a">Support: non-European (likely Persian or Indian) laid paper with 6-7 laid lines per cm. (horizontal) and occasional chain lines visible, though all rather indistinct ; well-burnished to glossy, fairly crisp though sturdy, cloudy formation with bundles of fibers visible, light brown in color, some leaves quite thin and transluscent ; opening two replacement leaves in European laid paper.</subfield></datafield><datafield tag="500" ind1=" " ind2=" "><subfield code="a">Decoration: Headings and keywords rubricated (text to be entered in red provided in margins, occasionally visible and otherwise cut off) ; textual dividers in the form of hāʼ or numeral khamsah in red.</subfield></datafield><datafield tag="500" ind1=" " ind2=" "><subfield code="a">Script: Naskh ; spacious, elegant Persianate hand in a thin line ; mainly serifless (though left-sloping head-serif occasionally appears) with elongation of horizontal strokes, fairly vertical ascenders, curvilinear descenders, adhering to baseline, freely ligatured, pointing in distinct or conjoined dots, final yāʼ unpointed, wide, open bowl of final nūn with point set down in, spacious open counters of ṭāʼ, ṣāḍ, etc. ; replacement leaves at opening in a large, bold naskh, seriffed (though somewhat irreguarly) with left-sloping head-serifs on most ascenders (even occasional free-standing alif), quite rounded with curvilinear descenders (some sweeping), freely ligatured.</subfield></datafield><datafield tag="500" ind1=" " ind2=" "><subfield code="a">Layout: Written in 14 lines per page ; frame-ruled.</subfield></datafield><datafield tag="500" ind1=" " ind2=" "><subfield code="a">Collation: IV-2+2 (8), 9 IV(80), III (86), 11 IV(174), III+1 (181), 8 IV(245) ; chiefly quaternions ; catchwords present ; pagination in pencil, Western numerals, supplied during digitization.</subfield></datafield><datafield tag="500" ind1=" " ind2=" "><subfield code="a">Colophon: "Scribal," rectangular, reads "وتشرف بتسويد كاغده اقل العباد بل لاشيء في الحقيقة الفقير الحقير الى الله ابن عيني ازناوي غفر الله لهما وللمؤمنين والمؤمنات والمسلمين والمسلمات بمنه وكرمه يوم السبت الخميس شهر جمادى الثاني سنة ثلاث وخمسين والف من الهجرة النبوية المصطوفية"</subfield></datafield><datafield tag="500" ind1=" " ind2=" "><subfield code="a">Explicit: "ويختص ضمانها بالجناية على الآدمي حسب فهذا ما اردنا ذكره وقصدنا حصره مختصرين مطوله محررين محصله ونسأل الله ان يجعلنا ممن شكر عمله وغفر زلله وجعل الجنة منقبله [منقله] انه لا يخيب من سأله ولا يحرم من امله"</subfield></datafield><datafield tag="500" ind1=" " ind2=" "><subfield code="a">Incipit: "الحمد لله الذي صغرت في عظمته عبادة العابدين وحصرت عن شكر نعمة السنة الحامدين ... اما بعد فاني مورد لك في هذا المختصر خلاصة المذهب المعتبر بالفاظ محبرة وعبارة [عبارات] محررة تظرفك بنخبه وتوصلك الى شعبه مقتصرا على ما بان لي سبيله ووضح لي دليله ..."</subfield></datafield><datafield tag="500" ind1=" " ind2=" "><subfield code="a">Title from rubricated heading at opening on p.2.</subfield></datafield><datafield tag="500" ind1=" " ind2=" "><subfield code="a">Ms. codex.</subfield></datafield><datafield tag="510" ind1="4" ind2=" "><subfield code="a">Brockelmann, C. GAL,</subfield><subfield code="c">I 406 ; S I 711</subfield></datafield><datafield tag="520" ind1="8" ind2=" "><subfield code="a">Fine copy of the author's abridgment of his own Sharāʼiʻ al-Islām, recognized as the authoritative work on Shīʻī law.</subfield></datafield><datafield tag="538" ind1=" " ind2=" "><subfield code="a">Mode of access: Internet.</subfield></datafield><datafield tag="541" ind1=" " ind2=" "><subfield code="c">Purchase ;</subfield><subfield code="a">Purchased in Egypt by Mr. Sulaiman ;</subfield><subfield code="d">1968 ;</subfield><subfield code="e">(Sulaiman 690713-156)</subfield></datafield><datafield tag="546" ind1=" " ind2=" "><subfield code="a">Arabic.</subfield></datafield><datafield tag="561" ind1=" " ind2=" "><subfield code="a">Assorted notes and excerpts on 'title page' (p.1) including possible ownership statement in name of one Shaykh ʻAbd al-Raḥīm ( شيخ عبد الرحيم ) ; oval seal impression on p.5 ; oval seal impression (partially effaced) and rectangular seal impression at close on p.489 ; oval seal impression among notes and excerpts on verso of final leaf (p.490) ; UM library inscription on lower board lining "Spec. Coll. Lib. | 690713-156 | Sulaiman | 1968" ; extensive glosses and notabilia (side-heads, along with catch titles of chapter headings in upper outer corner of every left-hand leaf within each chapter) ; occasional marginal corrections.</subfield></datafield><datafield tag="650" ind1=" " ind2="0"><subfield code="a">Manuscripts, Arabic</subfield><subfield code="z">Michigan</subfield><subfield code="z">Ann Arbor.</subfield></datafield><datafield tag="650" ind1=" " ind2="0"><subfield code="a">Shiites</subfield><subfield code="v">Early works to 1800.</subfield></datafield><datafield tag="650" ind1=" " ind2="0"><subfield code="a">Shīʻah</subfield><subfield code="v">Early works to 1800.</subfield></datafield><datafield tag="650" ind1=" " ind2="0"><subfield code="a">Islamic law</subfield><subfield code="x">Interpretation and construction</subfield><subfield code="v">Early works to 1800.</subfield></datafield><datafield tag="700" ind1="0" ind2=" "><subfield code="6">880-07</subfield><subfield code="a">Ibn ʻAynī Aznāwī,</subfield><subfield code="d">fl. 1643,</subfield><subfield code="e">scribe.</subfield></datafield><datafield tag="700" ind1="1" ind2=" "><subfield code="6">880-05</subfield><subfield code="a">Muḥaqqiq al-Ḥillī, Jaʻfar ibn al-Ḥasan,</subfield><subfield code="d">1205 or 1206-1277.</subfield><subfield code="t">Sharāʼiʻ al-Islām</subfield><subfield code="k">Abridgment.</subfield></datafield><datafield tag="773" ind1="0" ind2=" "><subfield code="a">Sulaiman Purchase Collection.</subfield></datafield><datafield tag="880" ind1="0" ind2=" "><subfield code="6">700-07/</subfield><subfield code="a">ابن عيني ازناوي,</subfield><subfield code="e">ناسخ.</subfield></datafield><datafield tag="880" ind1="0" ind2=" "><subfield code="6">700-05/</subfield><subfield code="a">محقق الحلي، جعفر بن الحسن،</subfield><subfield code="d">1205 or 6-1277.</subfield><subfield code="t">شرائع الاسلام</subfield><subfield code="k">مختصر.</subfield></datafield><datafield tag="880" ind1="1" ind2="0"><subfield code="6">245-03/</subfield><subfield code="a">كتاب مختصر النافع,</subfield><subfield code="f">[1053ه، 1643م].</subfield></datafield><datafield tag="880" ind1="1" ind2="0"><subfield code="6">240-02/</subfield><subfield code="a">مختصر النافع</subfield></datafield><datafield tag="880" ind1="1" ind2=" "><subfield code="6">100-01/</subfield><subfield code="a">محقق الحلي، جعفر بن الحسن.</subfield></datafield><datafield tag="CID" ind1=" " ind2=" "><subfield code="a">006834382</subfield></datafield><datafield tag="DAT" ind1="0" ind2=" "><subfield code="a">20190719102641.0</subfield><subfield code="b">20190719000000.0</subfield></datafield><datafield tag="DAT" ind1="1" ind2=" "><subfield code="a">20190719090653.0</subfield><subfield code="b">2019-07-19T16:12:12Z</subfield></datafield><datafield tag="DAT" ind1="2" ind2=" "><subfield code="a">2015-10-02T18:00:03Z</subfield></datafield><datafield tag="CAT" ind1=" " ind2=" "><subfield code="a">SDR-MIU</subfield><subfield code="d">EX LIBRIS - ALEPH</subfield><subfield code="l">prepare.pl-004-008</subfield></datafield><datafield tag="FMT" ind1=" " ind2=" "><subfield code="a">BK</subfield></datafield><datafield tag="HOL" ind1=" " ind2=" "><subfield code="0">sdr-miu006834382</subfield><subfield code="a">MiU</subfield><subfield code="b">SDR</subfield><subfield code="c">MIU</subfield><subfield code="p">mdp.39015079132091</subfield><subfield code="s">MIU</subfield><subfield code="1">006834382</subfield></datafield><datafield tag="974" ind1=" " ind2=" "><subfield code="b">MIU</subfield><subfield code="c">MIU</subfield><subfield code="d">20190719</subfield><subfield code="s">lit-dlps-dc</subfield><subfield code="u">mdp.39015079132091</subfield><subfield code="y">1643</subfield><subfield code="r">pd</subfield><subfield code="q">bib</subfield><subfield code="t">non-US bib date1 &lt; 1896</subfield></datafield></record></collection>